@Booklet{discovery-and-service-layer,
	title = {UPnP: The Discovery \& Service Layer For The Internet of Things},
	author = {UPnP Forum},
	month = {April},
	year = {2015},
}

@Booklet{device-architecture,
	title = {UPnPâ„¢ Device Architecture 1.1 },
	author = {UPnP Forum},
	month = {October},
	year = {2008},
}

@Misc{encyclopedia-upnp,
	author = {pcmag.com},
	title = {UPnP Encyclopedia Term},
	howpublished = {http://www.pcmag.com/encyclopedia/term/53504/upnp},
	note = {(No date) Accessed: 11 April 2017},
}

@Misc{pcworld-upnp,
	author = {Stephen J. Bigelow},
	title = {Universal Plug and Play: Networking Made Easy},
	howPublished={http://www.pcmag.com/article2/0,2817,1231047,00.asp},
	month = {September},
	year = {2003},
	note = {Accessed: 11 April 2017},
}

@TechReport{UPnPWindowsXP,
	author = {Tom Fout},
	title = {Universal Plug and Play in Windows XP},
	institution = {Microsoft},
	year = {2001},
	address = {https://technet.microsoft.com/en-us/library/bb457049.aspx},
	month = {August},
	note = {Accessed: 11 April 2017},
}

@TechReport{microsoft-dhcp,
	author = {Microsoft},
	title = {DHCP Dynamic host configuration protocol basics},
	institution = {Microsoft},
	address = {https://support.microsoft.com/en-gb/help/169289/dhcp-dynamic-host-configuration-protocol-basics},
	note = {(No date) Accessed: 11 April 2017},
}

@article{palmila2007zeroconf,
	title={Zeroconf and UPnP techniques},
	author={Palmila, Petri},
	journal={Helsinki University of Technology, Tech. Rep},
	year={2007}
}

@inproceedings{selen2006upnp,
	title={Upnp security in internet gateway devices},
	author={Sel{\'e}n, Kristian},
	booktitle={TKK T-110.5190 Seminar on Internetworking},
	year={2006}
}

@misc{appinf-ddd,
	ALTauthor = {Applied Informatics C++ Libraries and Tools},
	title = {UPnP Service Discovery Tutorial And User Guide},
	howpublished = {\url{https://www.appinf.com/docs/poco/00200-UPnPSSDPTutorialAndUserGuide.html}},
	note = {(2017) Accessed: 15 April 2017},
}

@misc{embeddedinn-upnp-device-arch,
	ALTauthor = {EmbeddedInn},
	title = {UPnP Device Architecture},
	howpublished = {\url{https://embeddedinn.wordpress.com/tutorials/upnp-device-architecture/}},
	note = {(No date) Accessed: 15 April 2017},
}

@TechReport{upnp-security,
	author = {UPnP Forum},
	title = {UPnP Security Ceremonies},
	institution = {institution},
	year = {2003},
	month = {November},
}

@Misc{winxp-upnp-flaw,
	author = {Paul Schmehl},
	title = {title},
	howpublished = {\url{https://www.symantec.com/connect/articles/microsoft-upnp-universal-plug-and-play-vulnerability}},
	month = {February},
	year = {2002},
	note = {Accessed: 17 April 2017}
}

@inproceedings{haque2007upnp,
	title={UPnP Networking: Architecture and Security Issues},
	author={Haque, AAMM},
	booktitle={TKK Seminar on Network Security},
	year={2007},
	organization={Citeseer}
}

@Misc{man-in-the-middle,
	author = {Computer Hope},
	title = {Man-in-the-middle attack},
	howpublished = {\url{http://www.computerhope.com/jargon/m/mitma.htm}},
	note = {(No date) Accessed: 17 April 2017},
}

@TechReport{understanding-upnp,
	author = {Microsoft},
	title = {Understanding Universal Plug and Play},
	institution = {Microsoft Corporation },
	year = {2000},
}


@Misc{upnphacks,
	author = {Armijn Hemel},
	title = {UPnP stack layout},
	howpublished = {\url{http://www.upnp-hacks.org/upnp.html}},
	note = {Accessed: 15 April 2017},
	year={2006-2011}
}

@Misc{akamai-ddos,
	author = {Akamai},
	title = {Akamai Warns Of UPnP Devices Used In DDoS Attacks},
	howpublished = {\url{https://www.akamai.com/uk/en/about/news/press/2014-press/akamai-warns-of-upnp-devices-used-in-ddos-attacks.jsp}},
	note = {Accessed: 17 April 2017},
	year={2014},
	month={October}
}

@Misc{soap,
	author = {W3Schools},
	title = {XML Soap},
	howpublished = {\url{https://www.w3schools.com/xml/xml_soap.asp}},
	note = {(No date) Accessed: 15 April 2017}
}

@Misc{dhcp,
	author = {Pieter De Decker},
	title = {Automatic IP Address Assignment: How DHCP Works},
	howpublished = {\url{https://www.youtube.com/watch?v=RUZohsAxPxQ}},
	year={2013},
	month={October},
	note = {Accessed: 15 April 2017}
}

@Misc{autoip,
	author = {Charles M. Kozierok},
	title = {DHCP Autoconfiguration / Automatic Private IP Addressing (APIPA)},
	howpublished = {\url{http://www.tcpipguide.com/free/t_DHCPAutoconfigurationAutomaticPrivateIPAddressingA.htm}},
	note = {Accessed: 17 April 2017},
	year={2001-2005}
}

@Misc{lan,
	author = {Bradley Mitchell},
	title = {An Introduction to the Essential Concepts of a LAN},
	howpublished = {\url{https://www.lifewire.com/local-area-network-816382}},
	note = {Accessed: 17 April 2017},
	year={2017},
	month={March}
}

@Misc{wan,
	author = {Bradley Mitchell},
	title = {WAN Definition and an Explanation on How WANs Work},
	howpublished = {\url{https://www.lifewire.com/wide-area-network-816383}},
	note = {Accessed: 17 April 2017},
	year={2017},
	month={March}
}


